@ONLINE{cisco_intro,
	author = "{Mason, Andrew G.}",
	title = {Cisco Secure Virtual Private Network. Cisco Press. p. 7. {[ONLINE]}},
	year = "2002",
	url = {http://www.ciscopress.com/store/cisco-secure-virtual-private-networks-9781587050336}
}
